@preamble{ "\newcommand{\noopsort}[1]{} "
        # "\newcommand{\printfirst}[2]{#1} "
        # "\newcommand{\singleletter}[1]{#1} "
        # "\newcommand{\switchargs}[2]{#2#1} " }

@BOOK{cep,
   author = "",
   title = "Bible: Písmo svaté Starého a Nového zákona: český ekumenický překlad",
   publisher = "Česká biblická společnost",
   address = "Praha",
   edition = "10. vyd., (8. přeprac.)",
   year = 1995,
   origdate = 1985,
   isbn = "80-85810-07-7"
}

@ONLINE{online-bible,
   author = "Martin Smolka",
   title = "Online Bible",
   urldate = {2015-04-06},
   url = "http://online-bible.cz/bible.php",
}

@ONLINE{wycliffe,
   author = {{Wycliffe UK Ltd}},
   title = "Our Impact | Bible Translation | Wycliffe Bible Translators",
   year = 2017,
   urldate = {2017-11-16},
   url = "https://www.wycliffe.org.uk/about/our-impact/",
}

@ONLINE{LXX,
   author = "Pavel Mat",
   title = "Septuaginta LXX",
   date = {2009-09-04},
   origdate = {2007-03-29},
   urldate = {2015-04-06},
   url = "http://myty.cz/view.php?nazevclanku=septuaginta-lxx&cisloclanku=2007030002",
}

@ONLINE{kanon,
   author = "Pavel Mat",
   title = "Biblický kánon a apokryfy",
   date = {2005-04-15},
   urldate = {2015-04-06},
   url = "http://www.myty.info/view.php?cisloclanku=2005040004",
}
